@report{UnivBonn,
author = {Jan Stillings and Kathrin Valerius},
title = {E-103: Franck-Hertz Experiment},
type = {Lab report},
institution = {University of Bonn},
year = {2022},
url = {http://stilli.de/physics/E103.pdf},
urldate = {2024-05-29},
}

@article{Neon,
  title={Wavelengths, energy level classifications, and energy levels for the spectrum of neutral neon},
  author={Saloman, Edward B and Sansonetti, Craig J},
  journal={Journal of Physical and Chemical Reference Data},
  volume={33},
  number={4},
  pages={1113--1158},
  year={2004},
  publisher={American Institute of Physics for the National Institute of Standards and~â€¦}
}

@article{thermoIonic,
  title={Researches on the electrical conductibility of gases at high temperatures},
  author={Becquere and M Edmond},
  journal={The London, Edinburgh, and Dublin Philosophical Magazine and Journal of Science},
  volume={6},
  number={41},
  pages={456--457},
  year={1853},
  publisher={Taylor \& Francis}
}

@article{Rubenza,
author = {Rubenzahl, Ryan and Peng, Bo},
title = {The Franck-Hertz Experiment},
year = {2017},
url = {https://www.pas.rochester.edu/~rrubenza/projects/RAR_PHY243W_Lab2_FranckHertz.pdf},
OPTurldate = {2024-05-29},
}
